@Article{Alencar2007,
  author       = {Alencar, Luciana Hazin and de Almeida, Adiel Teixeira and Mota, Caroline Maria{ }de Miranda},
  title        = {Sistemática proposta para seleção de fornecedores em gestão de projetos},
  journal      = {Gestão {\&} Produção},
  publisher    = {Universidade Federal de São Carlos (UFSCar)},
  volume       = {14},
  number       = {3},
  pages        = {477--487},
  year         = {2007},
  month        = dec,
  doi          = {10.1590/s0104-530x2007000300005},
  issn         = {0104-530X},
}

@book{lee2019inteligencia,
  title={Intelig{\^e}ncia artificial},
  author={Lee, Kai-Fu},
  year={2019},
  publisher={Globo livros}
}

@Book{Kalakota2002,
  author       = {Kalakota, Ravi and Robinson, Marcia},
  title        = {E-Business},
  subtitle     = {Estratégias para Alcançar o Sucesso no Mundo Digital},
  publisher    = {Bookman},
  address      = {Porto Alegre, RS},
  edition      = {2},
  pagetotal    = {470},
  year         = {2002},
  isbn         = {9788573078756},
}

@InBook{Carvalho2004,
  author       = {de Carvalho, Valter Rodrigues},
  title        = {Qualidade de Vida no Trabalho},
  bookauthor   = {Oliveira, O. J.},
  booktitle    = {Gestão da Qualidade},
  booksubtitle = {Tópicos Avançados},
  publisher    = {Cengage Learning},
  address      = {São Paulo, SP},
  chapter      = {11},
  pages        = {159--168},
  year         = {2004},
  isbn         = {9788522113897},
}

@InProceedings{Ramos2003,
  author       = {Ramos, Anatália Saraiva Martins and Miranda, Ana Lúcia Brenner},
  title        = {Processo de adoção de um sistema integrado de gestão (ERP)},
  subtitle     = {uma pesquisa qualitativa com gestores da Unimed/Natal},
  booktitle    = {Anais [\ldots].},
  eventtitle   = {Encontro Nacional de Engenharia de Produção (ENEGEP)},
  eventdate    = {2003-10},
  organization = {Universidade Federal de Ouro Preto (UFOP)},
  publisher    = {Associação Brasileira de Engenharia de Produção (ABEPRO)},
  address      = {Rio de Janeiro, RJ},
  venue        = {Ouro Preto, MG},
  number       = {23},
  pages        = {1--8},
  year         = {2003},
  url          = {http://www.abepro.org.br/biblioteca/ENEGEP2003_TR0903_1652.pdf},
  urldate      = {2023-12-05},
  note         = {Paper ID: ENEGEP2003-TR0903-1652},
}

@MastersThesis{Purcidonio2008,
  author       = {Purcidonio, Paula Michelle},
  title        = {Práticas de gestão do conhecimento em arranjo produtivo local},
  subtitle     = {o setor moveleiro de Arapongas {\textemdash} PR},
  eventdate    = {2008-02},
  school       = {Universidade Tecnológica Federal do Paraná},
  address      = {Ponta Grossa, PR},
  pagetotal    = {153},
  year         = {2008},
  url          = {http://repositorio.utfpr.edu.br/jspui/handle/1/3661},
  urldate      = {2023-12-05},
  type         = {Dissertação (Mestrado em Engenharia de Produção)},
}

@Misc{Beltrano2021,
  author       = {Beltrano, P.},
  title        = {Título do trabalho do Beltrano},
  editor       = {Sicrano, P.},
  year         = {2021},
}

@Misc{Fulano2021,
  author       = {Fulano, P.},
  title        = {Título do trabalho do Fulano},
  editor       = {Beltrano, P.},
  year         = {2021},
}

@Misc{UTFPR2018,
  author       = {UTFPR},
  title        = {Fachada campus Ponta Grossa},
  howpublished = {Portal da Universidade Tecnológica Federal do Paraná (UTFPR)},
  address      = {Ponta Grossa, PR},
  year         = {2018},
  url          = {http://portal.utfpr.edu.br/comunicacao/galeria-de-fotos/},
  urldate      = {2023-12-05},
  note         = {Galeria de fotos},
}

@Book{knuth:84,
  author = 	 {Donald E. Knuth},
  title = 	 {The {\TeX} Book},
  publisher = 	 {Addison-Wesley},
  year = 	 {1984},
  edition = 	 {15th},
}

@InCollection{boulic:91,
  author = 	 {R. Boulic and O. Renault},
  title = 	 {3D Hierarchies for Animation},
  booktitle = 	 {New Trends in Animation and Visualization},
  publisher =    {John Wiley {\&} Sons ltd.},
  year = 	 {1991},
  editor = 	 {Nadia Magnenat-Thalmann and Daniel Thalmann},
}

@InCollection{smith:99,
  author = 	 {A. Smith and B. Jones},
  title = 	 {On the Complexity of Computing},
  booktitle = 	 {Advances in Computer Science},
  pages = 	 {555--566},
  publisher =    {Publishing Press},
  year = 	 {1999},
  editor = 	 {A. B. Smith-Jones},
}

@PhdThesis{Andujar2006,
  author       = {Andujar, Andrea Martins},
  title        = {Modelo de qualidade de vida dentro dos domínios bio-psico-social para aposentados},
  eventdate    = {2006-05},
  school       = {Universidade Federal de Santa Catarina},
  address      = {Florianópolis, SC},
  pagetotal    = {206},
  year         = {2006},
  url          = {http://repositorio.ufsc.br/xmlui/handle/123456789/88517},
  urldate      = {2023-12-05},
  type         = {Tese (Doutorado em Engenharia de Produção)},
}


@Misc{ODS2024,
author = {ODS, Movimento Nacional },
title = {A Agenda 2030 para o Desenvolvimento Sustentável},
url={https://sc.movimentoods.org.br/agenda-2030/},
 eventdate    = {2024},
}
@Misc{EBAC,
author={EBAC, Escola Britanica de Artes Criativas e Tecnologia},
title={Tudo o que você queria saber sobre UX/UI Design},
url={https://ebaconline.com.br/blog/o-que-e-ux-ui-design},
eventdate={2024}
}
@Misc{BELISIARIO2023,
author={Belisiario, Gabriel},
title={UX Baseado em Fatos: Teste de Usabilidade},
url = {https://brasil.uxdesign.cc/ux-baseado-em-fatos-teste-de-usabilidade-ce8dc58841a3},
eventdate={2023}
}
@Misc{VIEIRA2019,
author={Vieira, Jon},
title={Teste de usabilidade: tudo o que você precisa saber!},
url = {https://medium.com/aela/teste-de-usabilidade-o-que-voc%C3%AA-precisa-saber-39a36343d9a6},
eventdate={2019}
}
@article{SOUZA2021,
author = {Souza, Kennedy and Aviz, Igor and Mello, Harold and Figueiredo, Karla and Vellasco, Marley and Costa, Fernando and Seruffo, Marcos},
year = {2021},
month = {08},
pages = {1-15},
title = {An Evaluation Framework for User Experience Using Eye Tracking, Mouse Tracking, Keyboard Input, and Artificial Intelligence: A Case Study},
volume = {38},
journal = {International Journal of Human-Computer Interaction},
doi = {10.1080/10447318.2021.1960092}
}
@inproceedings{GEORGES2016,
author = {Georges, Vanessa and Courtemanche, Fran\c{c}ois and Senecal, Sylvain and Baccino, Thierry and Fredette, Marc and Leger, Pierre-Majorique},
title = {UX Heatmaps: Mapping User Experience on Visual Interfaces},
year = {2016},
isbn = {9781450333627},
publisher = {Association for Computing Machinery},
address = {New York, NY, USA},
url = {https://doi.org/10.1145/2858036.2858271},
doi = {10.1145/2858036.2858271},
abstract = {In this paper, we present an off-the-shelf UX evaluation tool which contextualizes users' physiological and behavioral signals while interacting with a system. The proposed tool triangulates users' gaze data with inferred users' cognitive and emotional states to produce user experience (UX) heatmaps, which show where users were looking when they experienced specific cognitive and emotional states. Results show that for a given cognitive state (i.e., cognitive load), the proposed UX heatmap was able to effectively highlight the areas where users experienced different levels of cognitive load on an interface. The proposed tool enables the visual analysis of users' various emotional and cognitive states for specific areas on a given interface, and also to compare users' states across multiple interfaces, which should be useful for both UX researchers and practitioners.},
booktitle = {Proceedings of the 2016 CHI Conference on Human Factors in Computing Systems},
pages = {4850–4860},
numpages = {11},
keywords = {user experience, physiological computing, interface design, heatmaps, eye tracking, cognitive load, affective computing},
location = {San Jose, California, USA},
series = {CHI '16}
}
@Comment{jabref-meta: databaseType:biblatex;}
